@Misc{barometer,
author = {HAREDJ Lynda et TALEB Rosa},
title = {Etude et réalisation d'un baromètre numérique},
year = {2006},
}
@Misc{2,
title = {
Barometric Pressure Sensor},
author = {PICMANIAC},
year = {2019},
link = {https://pic-in-pascal.blogspot.com/2017/07/barometric-pressure-sensor.html}
}

@Misc{3,
title = {Pressure Sensor BMP180 Interfacing with Arduino Uno},
author = {Dilip Raja},
year = {2015},
link = {https://circuitdigest.com/microcontroller-projects/pressure-sensor-bmp180-with-arduino}
}

@Misc{4,
title = {BMP180 sensor with Arduino},
author = {Srituobby},
year = {2021},
link = {https://srituhobby.com/bmp180-sensor-with-arduino-code-bmp180-pressure-sensor-tutorial-step-by-step-instruction/}
}



